<?xml version="1.0" encoding="utf-8"?>
<record xmlns="http://www.loc.gov/MARC21/slim" xmlns:xsi="http://www.w3.org/2001/XMLSchema-instance" xsi:schemaLocation="http://www.loc.gov/MARC21/slim http://www.loc.gov/standards/marcxml/schema/MARC21slim.xsd">
	<leader>     nam a22     Mi 4500</leader>
	<controlfield tag="001">b12460904</controlfield>
	<controlfield tag="003">LeBAU</controlfield>
	<controlfield tag="006">m        d        </controlfield>
	<controlfield tag="007">cr cn |||m|||a</controlfield>
	<controlfield tag="008">200730m19361941ti      o     ||1 0 ara d</controlfield>
	<datafield ind1=" " ind2=" " tag="040">
		<subfield code="a">ZYU</subfield>
		<subfield code="b">ara</subfield>
		<subfield code="e">rda</subfield>
		<subfield code="c">ZYU</subfield>
	</datafield>
	<datafield ind1="0" ind2="4" tag="082">
		<subfield code="a">349.611</subfield>
		<subfield code="2">20</subfield>
	</datafield>
	<datafield ind1="1" ind2=" " tag="110">
		<subfield code="6">880-01</subfield>
		<subfield code="a">Tunisia,</subfield>
		<subfield code="e">issuing body.</subfield>
	</datafield>
	<datafield ind1="1" ind2="0" tag="240">
		<subfield code="6">880-02</subfield>
		<subfield code="a">Laws, etc.</subfield>
	</datafield>
	<datafield ind1="1" ind2="0" tag="245">
		<subfield code="6">880-03</subfield>
		<subfield code="a">Majmūʻat al-qawānīn al-Tūnisīyah :</subfield>
		<subfield code="b">mudhayyalah bi-shurūḥ wa-taʻālīq.</subfield>
	</datafield>
	<datafield ind1="1" ind2=" " tag="246">
		<subfield code="6">880-04</subfield>
		<subfield code="i">عنوان المجلدات [2-4]:</subfield>
		<subfield code="a">Nashrat majmūʻat al-qawānīn al-Tūnisīyah</subfield>
	</datafield>
	<datafield ind1=" " ind2="1" tag="264">
		<subfield code="6">880-05</subfield>
		<subfield code="a">Tūnis :</subfield>
		<subfield code="b">al-Maṭbaʻah al-Tūnisīyah,</subfield>
		<subfield code="c">1936-[1941]</subfield>
	</datafield>
	<datafield ind1=" " ind2=" " tag="300">
		<subfield code="6">880-06</subfield>
		<subfield code="a">online resource (8 volumes)</subfield>
	</datafield>
	<datafield ind1=" " ind2=" " tag="336">
		<subfield code="a">text</subfield>
		<subfield code="2">rdacontent</subfield>
	</datafield>
	<datafield ind1=" " ind2=" " tag="337">
		<subfield code="a">computer</subfield>
		<subfield code="2">rdamedia</subfield>
	</datafield>
	<datafield ind1=" " ind2=" " tag="338">
		<subfield code="a">online resource</subfield>
		<subfield code="2">rdacarrier</subfield>
	</datafield>
	<datafield ind1=" " ind2=" " tag="500">
		<subfield code="a">&quot;مذيل بشروح وتعاليق ومتمم بما جاء في تنقيحه من النصوص لناشريه محمد الطاهر السنوسي، حاكم التحقيق سابقاً - المحامي بتونس، صالح رضا الأحمر، المترجم بوزارة العدلية والمجلس الكبير، الهاشمي السبعي، رئيس دائرة الحالة الشخصية والنزاعات العقارية بوزارة العدلية.&quot;--المجلد الثاني، الجزء الاول.</subfield>
	</datafield>
	<datafield ind1=" " ind2=" " tag="500">
		<subfield code="a">3 اجزاء ببليوغرافية في 8 اجزاء مادية.</subfield>
	</datafield>
	<datafield ind1=" " ind2=" " tag="500">
		<subfield code="a">&quot;مجلة شهرية تحتوي على جميع القوانين الجاري بها العمل بالايالة التونسية مع ما عليها من شروح، ادارة المجلة بشارع باب بنات رقم 7 تونس صاحب الامتياز محمد الطاهر السنوسي، الاشتراك السنوي 30 ف. مطبعة العرب - تونس.&quot;--الصفحة التي تسبق صفحة العنوان.</subfield>
	</datafield>
	<datafield ind1=" " ind2=" " tag="500">
		<subfield code="a">يتضمن كشافات.</subfield>
	</datafield>
	<datafield ind1=" " ind2=" " tag="500">
		<subfield code="a">Part of the Arabic Collections Online (ACO) project, contributed by American University of Beirut's Jafet Memorial Library.</subfield>
	</datafield>
	<datafield ind1="0" ind2="0" tag="505">
		<subfield code="a">مجموعة القوانين التونسية:</subfield>
		<subfield code="g">المجلد الاول، الجزء الاول.</subfield>
		<subfield code="t">يشتمل على النصوص القانونية التونسية الصادرة من سنة 1258 هـ، 1842 م الى سنة 1318 هـ، 1900 م --</subfield>
		<subfield code="g">[المجلد الاول، الجزء الثاني].</subfield>
		<subfield code="t">فهرس مجموعة القوانين بحسب الترتيب التاريخي للاوامر والقرارات المدرجة بالجزء الاول من مجلد عام 1345-1355 هـ، 1936 م : يحوي الاوامر والقرارات الصادرة خلال عام 1936 -غير كاملة- --</subfield>
		<subfield code="g">[المجلد الثاني، الجزء الاول].</subfield>
		<subfield code="t">قانون المرافعات الجنائي --</subfield>
		<subfield code="g">[المجلد الثاني، الجزء الثاني].</subfield>
		<subfield code="t">المجلة الجنائية --</subfield>
		<subfield code="g">[المجلد الثالث]، الجزء الاول-[المجلد الثالث، الجزء الثالث].</subfield>
		<subfield code="t">الاوامر الزجرية --</subfield>
		<subfield code="g">[المجلد الرابع].</subfield>
		<subfield code="t">اوامر الاكرية (الاجار) -غير كامل-</subfield>
	</datafield>
	<datafield ind1=" " ind2=" " tag="533">
		<subfield code="a">Electronic reproduction.</subfield>
		<subfield code="b">New York, N.Y. :</subfield>
		<subfield code="c">New York University,</subfield>
		<subfield code="d">2020.</subfield>
		<subfield code="5">NNU</subfield>
	</datafield>
	<datafield ind1=" " ind2=" " tag="588">
		<subfield code="a">تاريخ نشر المجلد الرابع اخذ من الصفحة الاخيرة من المجلد نفسه.</subfield>
	</datafield>
	<datafield ind1=" " ind2=" " tag="590">
		<subfield code="a">من المرجح ان بعض الاجزاء مفتقدة.</subfield>
	</datafield>
	<datafield ind1=" " ind2=" " tag="590">
		<subfield code="a">تم ترقيم الاجزاء من قبل المفهرس.</subfield>
	</datafield>
	<datafield ind1=" " ind2="4" tag="650">
		<subfield code="a">القانون</subfield>
		<subfield code="z">تونس.</subfield>
	</datafield>
	<datafield ind1=" " ind2="0" tag="650">
		<subfield code="a">Law</subfield>
		<subfield code="z">Tunisia.</subfield>
	</datafield>
	<datafield ind1="1" ind2=" " tag="700">
		<subfield code="6">880-07</subfield>
		<subfield code="a">Sanūsī, Muḥammad al-Ṭāhir.</subfield>
		<subfield code="e">compiler.</subfield>
		<subfield code="0">https://lccn.loc.gov/n83053182 ,</subfield>
	</datafield>
	<datafield ind1="1" ind2=" " tag="700">
		<subfield code="6">880-08</subfield>
		<subfield code="a">Aḥmar, Ṣāliḥ Riḍā ,</subfield>
		<subfield code="e">compiler.</subfield>
	</datafield>
	<datafield ind1="1" ind2=" " tag="700">
		<subfield code="6">880-09</subfield>
		<subfield code="a">Sebaï, Hechmi,</subfield>
		<subfield code="e">compiler.</subfield>
		<subfield code="d">1904-1984.</subfield>
		<subfield code="0">https://lccn.loc.gov/n2014026901 ,</subfield>
	</datafield>
	<datafield ind1="2" ind2=" " tag="710">
		<subfield code="a">Jafet Memorial Library.</subfield>
	</datafield>
	<datafield ind1="0" ind2=" " tag="730">
		<subfield code="a">Arabic Collections Online.</subfield>
	</datafield>
	<datafield ind1="0" ind2="8" tag="776">
		<subfield code="i">Print version:</subfield>
		<subfield code="a">Tunisia, issuing body.</subfield>
		<subfield code="t">Majmūʻat al-qawānīn al-Tūnisīyah</subfield>
		<subfield code="w">(LeBAU)b12460904</subfield>
	</datafield>
	<datafield ind1="4" ind2="0" tag="856">
		<subfield code="u">http://hdl.handle.net/2333.1/02v6x6h2</subfield>
	</datafield>
	<datafield ind1="1" ind2=" " tag="880">
		<subfield code="6">110-01</subfield>
		<subfield code="a">تونس،</subfield>
		<subfield code="e">هيئة اصدار.</subfield>
		<subfield code="4">isb.</subfield>
	</datafield>
	<datafield ind1="1" ind2="0" tag="880">
		<subfield code="6">240-02</subfield>
		<subfield code="a">قوانين، إلخ.</subfield>
	</datafield>
	<datafield ind1="1" ind2="0" tag="880">
		<subfield code="6">245-03</subfield>
		<subfield code="a">مجموعة القوانين التونسية :</subfield>
		<subfield code="b">مذيلة بشروح وتعاليق.</subfield>
	</datafield>
	<datafield ind1="1" ind2=" " tag="880">
		<subfield code="6">246-04</subfield>
		<subfield code="a">Vololumes [2-4] have title:</subfield>
		<subfield code="a">Nashrat majmūʻat al-qawānīn al-Tūnisīyah</subfield>
	</datafield>
	<datafield ind1=" " ind2="1" tag="880">
		<subfield code="6">264-05</subfield>
		<subfield code="a">تونس :</subfield>
		<subfield code="b">المطبعة التونسية،</subfield>
		<subfield code="c">1936-[1941]</subfield>
	</datafield>
	<datafield ind1=" " ind2=" " tag="880">
		<subfield code="6">300-06</subfield>
		<subfield code="a">8 اجزاء ؛</subfield>
		<subfield code="c">28 سم</subfield>
	</datafield>
	<datafield ind1="1" ind2=" " tag="880">
		<subfield code="6">700-07</subfield>
		<subfield code="a">السنوسي، محمد طاهر،</subfield>
		<subfield code="0">https://lccn.loc.gov/n83053182 ,</subfield>
		<subfield code="e">معد.</subfield>
		<subfield code="4">com.</subfield>
	</datafield>
	<datafield ind1="1" ind2=" " tag="880">
		<subfield code="6">700-08</subfield>
		<subfield code="a">الاحمر، صالح رضا،</subfield>
		<subfield code="e">معد.</subfield>
		<subfield code="4">com.</subfield>
	</datafield>
	<datafield ind1="1" ind2=" " tag="880">
		<subfield code="6">700-09</subfield>
		<subfield code="a">السبعي، الهاشمي،</subfield>
		<subfield code="d">1904-1984.</subfield>
		<subfield code="0">https://lccn.loc.gov/n2014026901 ,</subfield>
		<subfield code="e">معد.</subfield>
		<subfield code="4">com.</subfield>
	</datafield>
	<datafield ind1=" " ind2=" " tag="959">
		<subfield code="a">NNU</subfield>
		<subfield code="b">WEB</subfield>
		<subfield code="c">GENI</subfield>
		<subfield code="t">0</subfield>
		<subfield code="m">Electronic access</subfield>
		<subfield code="s">01</subfield>
	</datafield>
	<datafield ind1=" " ind2=" " tag="999">
		<subfield code="i">LeBAU_b12460904</subfield>
		<subfield code="s">aub_aco003989:v.1</subfield>
		<subfield code="s">aub_aco003990:v.1</subfield>
		<subfield code="s">aub_aco003991:v.2</subfield>
		<subfield code="s">aub_aco003992:v.2</subfield>
		<subfield code="s">aub_aco003993:v.3</subfield>
		<subfield code="s">aub_aco003994:v.3</subfield>
		<subfield code="s">aub_aco003995:v.3</subfield>
		<subfield code="s">aub_aco003996:v.3</subfield>
		<subfield code="e">(ERROR-MISC)</subfield>
		<subfield code="s">aub_aco003989:v.1</subfield>
		<subfield code="s">aub_aco003990:v.1</subfield>
		<subfield code="s">aub_aco003991:v.2</subfield>
		<subfield code="s">aub_aco003992:v.2</subfield>
		<subfield code="s">aub_aco003993:v.3</subfield>
		<subfield code="s">aub_aco003994:v.3</subfield>
		<subfield code="s">aub_aco003995:v.3</subfield>
		<subfield code="s">aub_aco003996:v.3</subfield>
	</datafield>
</record>
